% This file was created with JabRef 2.10.
% Encoding: Cp1252


@Electronic{encodercode,
  Title                    = {{Drehgeber}},
  Language                 = {Deutsch},
  Note                     = {{Zugriff am 15.06.2016}},
  Organization             = {{www.mikrocontroller.net}},
  Url                      = {https://www.mikrocontroller.net/articles/Drehgeber#Handbediente_Drehgeber},
  Year                     = {2015},

  Owner                    = {Claudius Jörg},
  Timestamp                = {15.06.2016}
}

@Electronic{Datasheet_adc,
  Title                    = {{MCP3202 Datasheet}},
  Language                 = {{Englisch}},
  Note                     = {{Zugriff am 14.06.2016}},
  Organization             = {{Microchip}},
  Url                      = {http://www.farnell.com/datasheets/1669376.pdf},
  Year                     = {2011}
}

@Electronic{Applic_Guide_ST7540,
  Title                    = {{AN2451 Application Note}},
  Language                 = {{Englisch}},
  Month                    = {{Januar}},
  Note                     = {{Zugriff am 06.06.2016}},
  Organization             = {{STMicroelectronics}},
  Url                      = {http://www.st.com/content/ccc/resource/technical/document/application_note/04/f7/63/ef/7f/e8/46/c4/CD00143379.pdf/files/CD00143379.pdf/jcr:content/translations/en.CD00143379.pdf},
  Year                     = {2010},

  Owner                    = {Simon Sturm},
  Timestamp                = {2015.05.06}
}

@Electronic{Datasheet_ST7540,
  Title                    = {{Datasheet ST7540}},
  Language                 = {{Englisch}},
  Month                    = {{September}},
  Note                     = {{Zugriff am 06.06.2016}},
  Organization             = {{STMicroelectronics}},
  Url                      = {http://www.st.com/content/ccc/resource/technical/document/datasheet/61/90/69/a1/c9/ea/42/7a/CD00096923.pdf/files/CD00096923.pdf/jcr:content/translations/en.CD00096923.pdf},
  Year                     = {2006},

  Owner                    = {Simon Sturm},
  Timestamp                = {2015.05.06}
}

@Electronic{fskDemo_wiki,
  Title                    = {{Binary FSK example}},
  Language                 = {{Englisch}},
  Month                    = {{MÃ¤rz}},
  Note                     = {{Zugriff am 06.06.2016}},
  Organization             = {{Wikipedia}},
  Url                      = {https://upload.wikimedia.org/wikipedia/commons/3/39/Fsk.svg},
  Year                     = {2006},

  Owner                    = {Simon Sturm},
  Timestamp                = {2016.06.06}
}

@Electronic{DCDC_Regulator_LM2594,
  Title                    = {{Datasheet LM2594}},
  Language                 = {{Englisch}},
  Month                    = {Dezember},
  Note                     = {{Zugriff am 14.06.2016}},
  Organization             = {{National Semiconductor}},
  Url                      = {http://pdf1.alldatasheet.com/datasheet-pdf/view/8742/NSC/LM2594.html},
  Year                     = {1999}
}

@Electronic{Siemens_Rel,
  Title                    = {{Miniature Relay PI V23026}},
  Language                 = {{Englisch}},
  Month                    = {{Juni}},
  Note                     = {{Zugriff am 13.06.2016}},
  Organization             = {{Siemens}},
  Url                      = {http://www.techno-star.biz/relays/v23026.pdf},
  Year                     = {1996},

  Owner                    = {Simon Sturm},
  Timestamp                = {2016.06.13}
}

@comment{jabref-meta: databaseType:biblatex;}

